<record><leader>00000cas a22000007a 4500</leader><controlfield tag="001">8807537</controlfield><controlfield tag="008">820925d19321979iaudr ne      0    0eng  </controlfield><controlfield tag="009">466</controlfield><datafield ind1=" " ind2=" " tag="010"><subfield code="a">sn 82015302 </subfield></datafield><datafield ind1=" " ind2=" " tag="040"><subfield code="a">DLC</subfield><subfield code="b">eng</subfield><subfield code="c">DLC</subfield><subfield code="d">OCL</subfield><subfield code="d">INP</subfield><subfield code="d">OCL</subfield><subfield code="d">DLC</subfield><subfield code="d">INP</subfield><subfield code="d">NSD</subfield><subfield code="d">DLC</subfield><subfield code="d">OCLCO</subfield></datafield><datafield ind1=" " ind2=" " tag="019"><subfield code="a">9186332</subfield></datafield><datafield ind1="1" ind2=" " tag="029"><subfield code="a">AU@</subfield><subfield code="b">000020394132</subfield></datafield><datafield ind1=" " ind2=" " tag="042"><subfield code="a">msc</subfield></datafield><datafield ind1=" " ind2=" " tag="043"><subfield code="a">n-us-ia</subfield></datafield><datafield ind1="0" ind2="0" tag="050"><subfield code="a">Newspaper 7002</subfield></datafield><datafield ind1="0" ind2="0" tag="245"><subfield code="a">Cedar Rapids gazette.</subfield></datafield><datafield ind1=" " ind2=" " tag="260"><subfield code="a">Cedar Rapids, Iowa :</subfield><subfield code="b">Gazette Co.,</subfield><subfield code="c">1932-1979.</subfield></datafield><datafield ind1=" " ind2=" " tag="300"><subfield code="a">48 v.</subfield></datafield><datafield ind1=" " ind2=" " tag="310"><subfield code="a">Daily</subfield></datafield><datafield ind1="0" ind2=" " tag="362"><subfield code="a">Vol. 50, no. 146 (June 3, 1932)-v. 97, no. 200 (July 28, 1979).</subfield></datafield><datafield ind1=" " ind2=" " tag="500"><subfield code="a">"Eastern Iowa's leading daily."</subfield></datafield><datafield ind1=" " ind2=" " tag="500"><subfield code="a">Publisher varies.</subfield></datafield><datafield ind1=" " ind2=" " tag="530"><subfield code="a">Available on microfilm from Bell &amp; Howell Information and Learning.</subfield></datafield><datafield ind1=" " ind2="0" tag="651"><subfield code="a">Cedar Rapids (Iowa)</subfield><subfield code="v">Newspapers.</subfield></datafield><datafield ind1=" " ind2="0" tag="651"><subfield code="a">Linn County (Iowa)</subfield><subfield code="v">Mewspapers.</subfield></datafield><datafield ind1=" " ind2=" " tag="752"><subfield code="a">United States</subfield><subfield code="b">Iowa</subfield><subfield code="c">Linn</subfield><subfield code="d">Cedar Rapids.</subfield></datafield><datafield ind1="0" ind2=" " tag="775"><subfield code="t">Gazette weekly</subfield><subfield code="w">(DLC)sn 85049735</subfield><subfield code="w">(OCoLC)12378069</subfield><subfield code="g">Nov. 16, 1977-Aug. 1978.</subfield></datafield><datafield ind1="0" ind2=" " tag="775"><subfield code="t">Gazette weekly news magazine</subfield><subfield code="w">(DLC)sn 85049736</subfield><subfield code="w">(OCoLC)12378115</subfield><subfield code="g">Aug. 1978-July 28, 1979</subfield></datafield><datafield ind1="0" ind2="0" tag="780"><subfield code="t">Evening gazette and Republican</subfield><subfield code="w">(DLC)sn 85049719</subfield><subfield code="w">(OCoLC)12380711</subfield></datafield><datafield ind1="0" ind2="0" tag="785"><subfield code="t">Gazette (Cedar Rapids, Iowa)</subfield><subfield code="x">1066-0291</subfield><subfield code="w">(DLC)sn 85049721</subfield><subfield code="w">(OCoLC)12380738</subfield></datafield></record>